@article{Mabuchi2012,
  title={Frictional Coefficient under Banana Skin},
  author={Kiyoshi Mabuchi and Kensei Tanaka and Daichi Uchijima and Rina Sakai},
  journal={Tribology Online},
  volume={7},
  number={3},
  pages={147-151},
  year={2012},
}

@article{HAN201687,
title = {A Study on the Coffee Spilling Phenomena in the Low Impulse Regime},
journal = {Achievements in the Life Sciences},
volume = {10},
number = {1},
pages = {87-101},
year = {2016},
issn = {2078-1520},
author = {Jiwon Han}
}

@misc{xkcd,
  author = {xkcd},
  title = {Thesis Defense},
  howpublished = "\url{https://xkcd.com/1403/}",
  note = "(Accessed: 09-Jun-2021)"
}